<record><leader>00000cas a22000007a 4500</leader><controlfield tag="001">10646911</controlfield><controlfield tag="008">840419d18681882wiuwr ne      0   a0eng d</controlfield><datafield ind1=" " ind2=" " tag="010"><subfield code="a">sn 84024388 </subfield></datafield><datafield ind1=" " ind2=" " tag="040"><subfield code="a">NPV</subfield><subfield code="b">eng</subfield><subfield code="c">NPV</subfield><subfield code="d">NPU</subfield><subfield code="d">NPV</subfield><subfield code="d">NPX</subfield><subfield code="d">HLS</subfield><subfield code="d">OCLCQ</subfield></datafield><datafield ind1=" " ind2=" " tag="042"><subfield code="a">msc</subfield></datafield><datafield ind1="0" ind2=" " tag="130"><subfield code="a">Eau Claire weekly free press (Eau Claire, Wis. : 1868)</subfield></datafield><datafield ind1="1" ind2="0" tag="245"><subfield code="a">Eau Claire weekly free press.</subfield></datafield><datafield ind1="1" ind2="3" tag="246"><subfield code="a">Eau Claire free press</subfield></datafield><datafield ind1=" " ind2=" " tag="260"><subfield code="a">Eau Claire, Wis. :</subfield><subfield code="b">[s.n.],</subfield><subfield code="c">1868-1882.</subfield></datafield><datafield ind1=" " ind2=" " tag="300"><subfield code="a">v. :</subfield><subfield code="b">ill. (chiefly advertisements) ;</subfield><subfield code="c">66 cm.</subfield></datafield><datafield ind1=" " ind2=" " tag="310"><subfield code="a">Weekly</subfield></datafield><datafield ind1="0" ind2=" " tag="362"><subfield code="a">Vol. 11, no. 5 (Sept. 17, 1868)-v. 25, no. 13 (Jan. 5, 1882).</subfield></datafield><datafield ind1=" " ind2=" " tag="500"><subfield code="a">"Weekly" appears above title ornament.</subfield></datafield><datafield ind1=" " ind2=" " tag="500"><subfield code="a">Publisher varies.</subfield></datafield><datafield ind1=" " ind2=" " tag="530"><subfield code="a">Available on microfilm from The State Historical Society of Wisconsin.</subfield></datafield><datafield ind1=" " ind2=" " tag="580"><subfield code="a">Daily ed: Daily free press (Eau Claire, Wis.).</subfield></datafield><datafield ind1=" " ind2=" " tag="752"><subfield code="a">United States</subfield><subfield code="b">Wisconsin</subfield><subfield code="c">Eau Claire</subfield><subfield code="d">Eau Claire.</subfield></datafield><datafield ind1="0" ind2=" " tag="775"><subfield code="t">Daily free press (Eau Claire, Wis.)</subfield><subfield code="w">(DLC)sn 84024378</subfield></datafield><datafield ind1="0" ind2="0" tag="780"><subfield code="t">Eau Claire free press (Eau Claire, Wis. : 1858)</subfield><subfield code="w">(DLC)sn 85041477</subfield><subfield code="w">(OCoLC)12904947</subfield></datafield><datafield ind1="0" ind2="0" tag="785"><subfield code="t">Eau Claire free press (Eau Claire, Wis. : 1882)</subfield><subfield code="w">(DLC)sn 85041478</subfield><subfield code="w">(OCoLC)12905115</subfield></datafield></record>